<?xml version="1.0" encoding="UTF-8"?><collection xmlns="http://www.loc.gov/MARC21/slim"><record><leader>00380nam--2200121-i-4500</leader><controlfield tag="001">000021601</controlfield><controlfield tag="002">20161230</controlfield><controlfield tag="005">20161230201034</controlfield><controlfield tag="008">060222s1000------------r-----000-0-eng-d</controlfield><datafield ind1=" " ind2=" " tag="100"><subfield code="a">Heughebaert, J./S.A</subfield></datafield><datafield ind1=" " ind2=" " tag="245"><subfield code="a">On the angular correlation in  -e decays observed in nuclear emulsion exposed in magnetic field</subfield></datafield><datafield ind1=" " ind2=" " tag="260"><subfield code="a">Bologna, Nicola Zanichelli Editore, 1957, 6 P</subfield></datafield><datafield ind1=" " ind2=" " tag="852"><subfield code="a">6251</subfield></datafield></record></collection>